@inproceedings{DBLP:conf/icml/LaffertyMP01,
  author    = {John D. Lafferty and
               Andrew McCallum and
               Fernando C. N. Pereira},
  title     = {Conditional Random Fields: Probabilistic Models for Segmenting
               and Labeling Sequence Data},
  booktitle = {ICML},
  year      = {2001},
  pages     = {282-289},
  bibsource = {DBLP, http://dblp.uni-trier.de}
}

@article{DBLP:journals/scholarpedia/Viterbi09,
  author    = {Andrew J. Viterbi},
  title     = {Viterbi algorithm},
  journal   = {Scholarpedia},
  volume    = {4},
  number    = {1},
  year      = {2009},
  pages     = {6246},
  ee        = {http://www.scholarpedia.org/article/Viterbi_algorithm},
  bibsource = {DBLP, http://dblp.uni-trier.de}
}

@article{DBLP:journals/siamjo/MoralesN00,
  author    = {Jos{\'e} Luis Morales and
               Jorge Nocedal},
  title     = {Automatic Preconditioning by Limited Memory Quasi-Newton
               Updating},
  journal   = {SIAM Journal on Optimization},
  volume    = {10},
  number    = {4},
  year      = {2000},
  pages     = {1079-1096},
  ee        = {http://dx.doi.org/10.1137/S1052623497327854},
  bibsource = {DBLP, http://dblp.uni-trier.de}
}

@article{DBLP:journals/coling/DeRose88,
  author    = {Steven J. DeRose},
  title     = {Grammatical Category Disambiguation by Statistical Optimization},
  journal   = {Computational Linguistics},
  volume    = {14},
  number    = {1},
  year      = {1988},
  pages     = {31-39},
  bibsource = {DBLP, http://dblp.uni-trier.de}
}

@inproceedings{DBLP:conf/naacl/ShaP03,
  author    = {Fei Sha and
               Fernando C. N. Pereira},
  title     = {Shallow Parsing with Conditional Random Fields},
  booktitle = {HLT-NAACL},
  year      = {2003},
  ee        = {http://acl.ldc.upenn.edu/N/N03/N03-1028.pdf},
  bibsource = {DBLP, http://dblp.uni-trier.de}
}

@article{DBLP:journals/coling/MarcusSM94,
  author    = {Mitchell P. Marcus and
               Beatrice Santorini and
               Mary Ann Marcinkiewicz},
  title     = {Building a Large Annotated Corpus of English: The Penn Treebank},
  journal   = {Computational Linguistics},
  volume    = {19},
  number    = {2},
  year      = {1993},
  pages     = {313-330},
  bibsource = {DBLP, http://dblp.uni-trier.de}
}
